@misc{Chinen,
author = {Chinen, Michael},
booktitle = {michaelchinen.com},
file = {:Users/jonas/Documents/Papers/Chinen/michaelchinen.com/Chinen - Unknown - Listen to your computer lstn.html:html},
title = {{Listen to your computer: lstn}},
url = {http://michaelchinen.com/2010/12/09/listen-to-your-computer-lstn/},
urldate = {March 9, 2013}
}
